<record xmlns:xsi="http://www.w3.org/2001/XMLSchema-instance" xmlns="http://www.loc.gov/MARC21/slim" xsi:schemaLocation="http://www.loc.gov/MARC21/slim http://www.loc.gov/standards/marcxml/schema/MARC21slim.xsd">

  <leader>00742nam a2200193   4500</leader>
  <datafield tag="999" ind2=" " ind1=" ">
    <subfield code="c">3417</subfield>
    <subfield code="d">3417</subfield>
  </datafield>
  <controlfield tag="008">170403b2016    cr ||||| |||| 00| | spa d</controlfield>
  <datafield ind2=" " ind1=" " tag="090">
    <subfield code="a">14.02.02</subfield>
    <subfield code="b">1336</subfield>
  </datafield>
  <datafield tag="100" ind1="1" ind2=" ">
    <subfield code="9">2648</subfield>
    <subfield code="a">Solano Mora, Ileana</subfield>
  </datafield>
  <datafield ind2="0" ind1="1" tag="245">
    <subfield code="a">Red Interinstitucional para la Niñez y Adolescencia de Costa Rica /</subfield>
    <subfield code="c">Ileana Solano Mora, María José Ruìz González</subfield>
  </datafield>
  <datafield tag="260" ind1=" " ind2=" ">
    <subfield code="a">[San José, Costa Rica] :</subfield>
    <subfield code="b">INIE,</subfield>
    <subfield code="c">2016-</subfield>
  </datafield>
  <datafield ind2=" " ind1=" " tag="300">
    <subfield code="a">19 páginas;</subfield>
    <subfield code="e">1 disco de computadora; archivo PDF</subfield>
  </datafield>
  <datafield ind1=" " ind2=" " tag="500">
    <subfield code="a">Informe de Acción Social ED-1445</subfield>
  </datafield>
  <datafield ind1="1" ind2="4" tag="650">
    <subfield code="9">757</subfield>
    <subfield code="a">PRIMERA INFANCIA</subfield>
  </datafield>
  <datafield tag="650" ind2="4" ind1="1">
    <subfield code="9">60</subfield>
    <subfield code="a">NIÑAS</subfield>
  </datafield>
  <datafield ind2="4" ind1="1" tag="650">
    <subfield code="9">59</subfield>
    <subfield code="a">NIÑOS</subfield>
  </datafield>
  <datafield tag="650" ind1="1" ind2="4">
    <subfield code="9">784</subfield>
    <subfield code="a">RED INTERINSTITUCIONAL PARA LA NIÑEZ Y LA ADOLESCENCIA DE COSTA RICA</subfield>
  </datafield>
  <datafield ind1="1" ind2=" " tag="700">
    <subfield code="9">1843</subfield>
    <subfield code="a">Ruíz González, María José</subfield>
  </datafield>
  <datafield ind2=" " ind1=" " tag="942">
    <subfield code="2">z</subfield>
    <subfield code="c">04</subfield>
  </datafield>
</record>